<record><leader>00000cas a22000007a 4500</leader><controlfield tag="001">11794384</controlfield><controlfield tag="008">850312d18751876ncuwn ne      0    0eng  </controlfield><datafield ind1=" " ind2=" " tag="010"><subfield code="a">sn 85042114 </subfield></datafield><datafield ind1=" " ind2=" " tag="040"><subfield code="a">DLC</subfield><subfield code="b">eng</subfield><subfield code="c">DLC</subfield><subfield code="d">NPX</subfield><subfield code="d">NVJ</subfield><subfield code="d">DLC</subfield><subfield code="d">OCLCQ</subfield></datafield><datafield ind1=" " ind2=" " tag="042"><subfield code="a">msc</subfield></datafield><datafield ind1="0" ind2="0" tag="050"><subfield code="a">Newspaper</subfield></datafield><datafield ind1="0" ind2=" " tag="130"><subfield code="a">Oxford torchlight (Oxford, N.C. : 1875)</subfield></datafield><datafield ind1="1" ind2="4" tag="245"><subfield code="a">The Oxford torchlight.</subfield></datafield><datafield ind1="1" ind2="7" tag="246"><subfield code="a">Torch-light</subfield></datafield><datafield ind1=" " ind2=" " tag="260"><subfield code="a">Oxford, N.C. :</subfield><subfield code="b">W.A. Davis &amp; Co.</subfield></datafield><datafield ind1=" " ind2=" " tag="300"><subfield code="a">v. ;</subfield><subfield code="c">62 cm.</subfield></datafield><datafield ind1=" " ind2=" " tag="310"><subfield code="a">Weekly (except Christmas)</subfield></datafield><datafield ind1="1" ind2=" " tag="362"><subfield code="a">Began in 1875.</subfield></datafield><datafield ind1="0" ind2=" " tag="362"><subfield code="a">-v. 4, no. 24 (Nov. 14, 1876).</subfield></datafield><datafield ind1=" " ind2=" " tag="500"><subfield code="a">Democratic.</subfield></datafield><datafield ind1=" " ind2=" " tag="588"><subfield code="a">Description based on: Vol. 3, no. 19 (Oct. 12, 1875).</subfield></datafield><datafield ind1=" " ind2=" " tag="752"><subfield code="a">United States</subfield><subfield code="b">North Carolina</subfield><subfield code="c">Granville</subfield><subfield code="d">Oxford.</subfield></datafield><datafield ind1="0" ind2="4" tag="780"><subfield code="t">Torch-light (Oxford, N.C. : 1873)</subfield><subfield code="w">(DLC)sn 92073069</subfield></datafield><datafield ind1="0" ind2="4" tag="780"><subfield code="t">Oxford leader (Oxford, N.C.)</subfield><subfield code="w">(DLC)sn 92073068</subfield></datafield><datafield ind1="0" ind2="0" tag="785"><subfield code="t">Torch-light (Oxford, N.C. : 1876)</subfield><subfield code="w">(DLC)sn 92073070</subfield></datafield><datafield ind1="1" ind2=" " tag="029"><subfield code="a">AU@</subfield><subfield code="b">000026224185</subfield></datafield></record>